<?xml version="1.0" encoding="UTF-8"?>
<!DOCTYPE html PUBLIC "-//W3C//DTD XHTML 1.0 Transitional//EN"
    "http://www.w3.org/TR/xhtml1/DTD/xhtml1-transitional.dtd">
<html xmlns="http://www.w3.org/1999/xhtml" xml:lang="en" lang="en">
 <head>
  <title>
</title>
<meta http-equiv="Content-Type" content="text/html;charset=utf-8" />
  <meta name='ocr-system' content='tesseract 3.04.00' />
  <meta name='ocr-capabilities' content='ocr_page ocr_carea ocr_par ocr_line ocrx_word'/>
</head>
<body>
  <div class='ocr_page' id='page_1' title='image "./epitomeentomolog00fabr_0010.png"; bbox 0 0 1775 3271; ppageno 0'>
   <div class='ocr_carea' id='block_1_1' title="bbox 339 289 390 319">
    <p class='ocr_par' dir='ltr' id='par_1_1' title="bbox 339 289 390 319">
     <span class='ocr_line' id='line_1_1' title="bbox 339 289 390 319; baseline 0.02 -1"><span class='ocrx_word' id='word_1_1' title='bbox 339 289 390 319; x_wconf 81' lang='lat' dir='ltr'>IV</span> 
     </span>
    </p>
   </div>
   <div class='ocr_carea' id='block_1_2' title="bbox 301 382 1749 1418">
    <p class='ocr_par' dir='ltr' id='par_1_2' title="bbox 301 382 1749 1418">
     <span class='ocr_line' id='line_1_2' title="bbox 448 382 1749 457; baseline -0.001 -18"><span class='ocrx_word' id='word_1_2' title='bbox 448 394 761 457; x_wconf 73' lang='lat' dir='ltr'>Quapropter</span> <span class='ocrx_word' id='word_1_3' title='bbox 791 382 1159 450; x_wconf 86' lang='lat' dir='ltr'>composuimus</span> <span class='ocrx_word' id='word_1_4' title='bbox 1180 400 1241 432; x_wconf 78' lang='lat' dir='ltr'>ex</span> <span class='ocrx_word' id='word_1_5' title='bbox 1260 399 1390 434; x_wconf 88' lang='lat' dir='ltr'>noua</span> <span class='ocrx_word' id='word_1_6' title='bbox 1411 389 1749 453; x_wconf 72' lang='lat' dir='ltr'>entomologia</span> 
     </span>
     <span class='ocr_line' id='line_1_3' title="bbox 341 463 1746 543; baseline -0.009 -19"><span class='ocrx_word' id='word_1_7' title='bbox 341 473 634 543; x_wconf 82' lang='lat' dir='ltr'>systematica</span> <span class='ocrx_word' id='word_1_8' title='bbox 667 463 804 513; x_wconf 63' lang='lat' dir='ltr'>aucta</span> <span class='ocrx_word' id='word_1_9' title='bbox 835 477 981 530; x_wconf 85' lang='lat' dir='ltr'>atque</span> <span class='ocrx_word' id='word_1_10' title='bbox 1008 463 1260 514; x_wconf 82' lang='lat' dir='ltr'>emendata</span> <span class='ocrx_word' id='word_1_11' title='bbox 1289 481 1328 513; x_wconf 89' lang='lat' dir='ltr'>a.</span> <span class='ocrx_word' id='word_1_12' title='bbox 1363 483 1488 526; x_wconf 83' lang='lat'><strong>1792</strong></span> <span class='ocrx_word' id='word_1_13' title='bbox 1516 495 1582 503; x_wconf 93' lang='lat'>-—</span> <span class='ocrx_word' id='word_1_14' title='bbox 1619 485 1746 529; x_wconf 86' lang='lat'><strong>1794</strong></span> 
     </span>
     <span class='ocr_line' id='line_1_4' title="bbox 341 544 1749 611; baseline -0.007 -5"><span class='ocrx_word' id='word_1_15' title='bbox 341 553 467 605; x_wconf 82' lang='lat' dir='ltr'>edita</span> <span class='ocrx_word' id='word_1_16' title='bbox 500 550 686 595; x_wconf 85' lang='lat' dir='ltr'>hancce</span> <span class='ocrx_word' id='word_1_17' title='bbox 724 549 1008 610; x_wconf 75' lang='lat' dir='ltr'>epitomen,</span> <span class='ocrx_word' id='word_1_18' title='bbox 1059 556 1115 594; x_wconf 81' lang='lat' dir='ltr'>ut</span> <span class='ocrx_word' id='word_1_19' title='bbox 1155 544 1303 596; x_wconf 87' lang='lat' dir='ltr'>huius</span> <span class='ocrx_word' id='word_1_20' title='bbox 1343 551 1566 611; x_wconf 80' lang='lat' dir='ltr'><strong>egregiae</strong></span> <span class='ocrx_word' id='word_1_21' title='bbox 1605 559 1749 611; x_wconf 85' lang='lat' dir='ltr'>atque</span> 
     </span>
     <span class='ocr_line' id='line_1_5' title="bbox 341 624 1749 700; baseline -0.003 -19"><span class='ocrx_word' id='word_1_22' title='bbox 341 625 620 700; x_wconf 86' lang='lat' dir='ltr'>praestantis</span> <span class='ocrx_word' id='word_1_23' title='bbox 655 624 947 674; x_wconf 80' lang='lat' dir='ltr'>eruditionis</span> <span class='ocrx_word' id='word_1_24' title='bbox 986 627 1115 673; x_wconf 86' lang='lat' dir='ltr'>inter</span> <span class='ocrx_word' id='word_1_25' title='bbox 1159 625 1515 690; x_wconf 88' lang='lat' dir='ltr'>entomologos</span> <span class='ocrx_word' id='word_1_26' title='bbox 1559 626 1749 677; x_wconf 60' lang='lat' dir='ltr'>facilior</span> 
     </span>
     <span class='ocr_line' id='line_1_6' title="bbox 338 703 1749 770; baseline -0.001 -12"><span class='ocrx_word' id='word_1_27' title='bbox 338 710 479 762; x_wconf 85' lang='lat' dir='ltr'>fieret</span> <span class='ocrx_word' id='word_1_28' title='bbox 516 709 922 755; x_wconf 69' lang='lat' dir='ltr'>communicatio.</span> <span class='ocrx_word' id='word_1_29' title='bbox 993 705 1137 770; x_wconf 81' lang='lat' dir='ltr'>Qiae</span> <span class='ocrx_word' id='word_1_30' title='bbox 1171 705 1294 755; x_wconf 85' lang='lat' dir='ltr'>haec</span> <span class='ocrx_word' id='word_1_31' title='bbox 1330 703 1493 754; x_wconf 84' lang='lat' dir='ltr'>nostra</span> <span class='ocrx_word' id='word_1_32' title='bbox 1534 711 1749 770; x_wconf 78' lang='lat' dir='ltr'>epitome</span> 
     </span>
     <span class='ocr_line' id='line_1_7' title="bbox 335 781 1747 850; baseline -0.005 -9"><span class='ocrx_word' id='word_1_33' title='bbox 335 792 617 844; x_wconf 81' lang='lat' dir='ltr'>contineat,</span> <span class='ocrx_word' id='word_1_34' title='bbox 676 789 728 834; x_wconf 88' lang='lat' dir='ltr'>in</span> <span class='ocrx_word' id='word_1_35' title='bbox 765 782 1079 850; x_wconf 80' lang='lat' dir='ltr'>inscriptione</span> <span class='ocrx_word' id='word_1_36' title='bbox 1123 781 1270 850; x_wconf 81' lang='lat' dir='ltr'>ipsius</span> <span class='ocrx_word' id='word_1_37' title='bbox 1312 782 1468 834; x_wconf 84' lang='lat' dir='ltr'>statim</span> <span class='ocrx_word' id='word_1_38' title='bbox 1511 784 1747 835; x_wconf 84' lang='lat' dir='ltr'>indicaui-</span> 
     </span>
     <span class='ocr_line' id='line_1_8' title="bbox 333 866 1747 924; baseline -0.002 -4"><span class='ocrx_word' id='word_1_39' title='bbox 333 885 461 924; x_wconf 85' lang='lat' dir='ltr'>mus.</span> <span class='ocrx_word' id='word_1_40' title='bbox 530 866 795 917; x_wconf 84' lang='lat' dir='ltr'>Caeterum</span> <span class='ocrx_word' id='word_1_41' title='bbox 823 871 874 913; x_wconf 84' lang='lat' dir='ltr'>in</span> <span class='ocrx_word' id='word_1_42' title='bbox 904 868 1037 914; x_wconf 81' lang='lat' dir='ltr'>votis</span> <span class='ocrx_word' id='word_1_43' title='bbox 1065 875 1192 922; x_wconf 87' lang='lat' dir='ltr'>erat,</span> <span class='ocrx_word' id='word_1_44' title='bbox 1234 869 1432 915; x_wconf 81' lang='lat' dir='ltr'>criticae</span> <span class='ocrx_word' id='word_1_45' title='bbox 1463 867 1747 919; x_wconf 84' lang='lat' dir='ltr'>entomolo-</span> 
     </span>
     <span class='ocr_line' id='line_1_9' title="bbox 335 942 1746 1018; baseline -0.003 -18"><span class='ocrx_word' id='word_1_46' title='bbox 335 956 444 1018; x_wconf 88' lang='lat' dir='ltr'>giae</span> <span class='ocrx_word' id='word_1_47' title='bbox 478 946 740 1013; x_wconf 75' lang='lat' dir='ltr'>specimina</span> <span class='ocrx_word' id='word_1_48' title='bbox 770 943 1007 1010; x_wconf 77' lang='lat' dir='ltr'>quaedam</span> <span class='ocrx_word' id='word_1_49' title='bbox 1034 942 1252 1005; x_wconf 80' lang='lat' dir='ltr'>-adjieere</span> <span class='ocrx_word' id='word_1_50' title='bbox 1263 959 1276 1002; x_wconf 86' lang='lat'><em>3</em></span> <span class='ocrx_word' id='word_1_51' title='bbox 1336 958 1639 995; x_wconf 81' lang='lat' dir='ltr'>reuocarunt</span> <span class='ocrx_word' id='word_1_52' title='bbox 1667 962 1746 996; x_wconf 90' lang='lat' dir='ltr'>au-</span> 
     </span>
     <span class='ocr_line' id='line_1_10' title="bbox 334 1023 1745 1090; baseline -0.004 -8"><span class='ocrx_word' id='word_1_53' title='bbox 334 1041 435 1082; x_wconf 86' lang='lat' dir='ltr'>tem</span> <span class='ocrx_word' id='word_1_54' title='bbox 464 1027 522 1078; x_wconf 84' lang='lat' dir='ltr'>ab</span> <span class='ocrx_word' id='word_1_55' title='bbox 546 1027 647 1077; x_wconf 88' lang='lat' dir='ltr'>hoc</span> <span class='ocrx_word' id='word_1_56' title='bbox 673 1023 895 1075; x_wconf 82' lang='lat' dir='ltr'>instituto</span> <span class='ocrx_word' id='word_1_57' title='bbox 923 1023 1016 1073; x_wconf 85' lang='lat' dir='ltr'>nos</span> <span class='ocrx_word' id='word_1_58' title='bbox 1043 1026 1268 1089; x_wconf 80' lang='lat' dir='ltr'>inprimis</span> <span class='ocrx_word' id='word_1_59' title='bbox 1290 1023 1640 1090; x_wconf 82' lang='lat' dir='ltr'>plerorumque</span> <span class='ocrx_word' id='word_1_60' title='bbox 1663 1045 1745 1076; x_wconf 88' lang='lat' dir='ltr'>en-</span> 
     </span>
     <span class='ocr_line' id='line_1_11' title="bbox 335 1102 1748 1173; baseline -0.004 -11"><span class='ocrx_word' id='word_1_61' title='bbox 335 1105 711 1173; x_wconf 78' lang='lat' dir='ltr'>tomologorum</span> <span class='ocrx_word' id='word_1_62' title='bbox 740 1102 1099 1155; x_wconf 83' lang='lat' dir='ltr'>hodiernorum</span> <span class='ocrx_word' id='word_1_63' title='bbox 1131 1107 1184 1152; x_wconf 88' lang='lat' dir='ltr'>in</span> <span class='ocrx_word' id='word_1_64' title='bbox 1217 1102 1310 1153; x_wconf 83' lang='lat' dir='ltr'>hac</span> <span class='ocrx_word' id='word_1_65' title='bbox 1341 1105 1748 1170; x_wconf 78' lang='lat' dir='ltr'>methodologiae</span> 
     </span>
     <span class='ocr_line' id='line_1_12' title="bbox 331 1174 1744 1258; baseline -0.004 -18"><span class='ocrx_word' id='word_1_66' title='bbox 331 1201 469 1258; x_wconf 88' lang='lat' dir='ltr'>parte</span> <span class='ocrx_word' id='word_1_67' title='bbox 494 1174 689 1237; x_wconf 51' lang='lat' dir='ltr'>&#39;incuria</span> <span class='ocrx_word' id='word_1_68' title='bbox 725 1196 870 1250; x_wconf 87' lang='lat' dir='ltr'>atque</span> <span class='ocrx_word' id='word_1_69' title='bbox 920 1180 1109 1232; x_wconf 76' lang='lat' dir='ltr'>desidia.</span> <span class='ocrx_word' id='word_1_70' title='bbox 1201 1184 1496 1233; x_wconf 79' lang='lat' dir='ltr'>Fabricianis</span> <span class='ocrx_word' id='word_1_71' title='bbox 1541 1184 1744 1250; x_wconf 64' lang='lat' dir='ltr'>Agona-</span> 
     </span>
     <span class='ocr_line' id='line_1_13' title="bbox 331 1262 1742 1332; baseline -0.004 -11"><span class='ocrx_word' id='word_1_72' title='bbox 331 1275 396 1322; x_wconf 90' lang='lat' dir='ltr'>tis</span> <span class='ocrx_word' id='word_1_73' title='bbox 427 1262 743 1319; x_wconf 83' lang='lat' dir='ltr'>Daldorfiana</span> <span class='ocrx_word' id='word_1_74' title='bbox 764 1281 943 1329; x_wconf 76' lang='lat' dir='ltr'>genera</span> <span class='ocrx_word' id='word_1_75' title='bbox 963 1263 1299 1327; x_wconf 81' lang='lat' dir='ltr'>subjunximus</span> <span class='ocrx_word' id='word_1_76' title='bbox 1323 1275 1468 1329; x_wconf 88' lang='lat' dir='ltr'>atque</span> <span class='ocrx_word' id='word_1_77' title='bbox 1490 1278 1742 1332; x_wconf 81' lang='lat' dir='ltr'>praeterea</span> 
     </span>
     <span class='ocr_line' id='line_1_14' title="bbox 301 1341 1392 1418; baseline -0.003 -21"><span class='ocrx_word' id='word_1_78' title='bbox 301 1347 641 1418; x_wconf 67' lang='lat' dir='ltr'>,sequentibus</span> <span class='ocrx_word' id='word_1_79' title='bbox 680 1343 828 1411; x_wconf 69' lang='lat' dir='ltr'>signis</span> <span class='ocrx_word' id='word_1_80' title='bbox 865 1348 1087 1411; x_wconf 83' lang='lat' dir='ltr'>inprimis</span> <span class='ocrx_word' id='word_1_81' title='bbox 1129 1341 1200 1394; x_wconf 79' lang='lat' dir='ltr'>usi</span> <span class='ocrx_word' id='word_1_82' title='bbox 1227 1343 1392 1394; x_wconf 82' lang='lat' dir='ltr'>sumus</span> 
     </span>
    </p>
   </div>
   <div class='ocr_carea' id='block_1_3' title="bbox 459 1422 1742 1878">
    <p class='ocr_par' dir='ltr' id='par_1_3' title="bbox 459 1422 1742 1813">
     <span class='ocr_line' id='line_1_15' title="bbox 466 1422 1491 1480; baseline -0.003 -3"><span class='ocrx_word' id='word_1_83' title='bbox 466 1428 527 1480; x_wconf 75' lang='lat' dir='ltr'>C.</span> <span class='ocrx_word' id='word_1_84' title='bbox 556 1426 743 1476; x_wconf 65' lang='lat' dir='ltr'>Cramer.</span> <span class='ocrx_word' id='word_1_85' title='bbox 1210 1422 1276 1475; x_wconf 87' lang='lat' dir='ltr'>O.</span> <span class='ocrx_word' id='word_1_86' title='bbox 1309 1427 1491 1474; x_wconf 69' lang='lat' dir='ltr'>Oliw&#39;e&#39;r.</span> 
     </span>
     <span class='ocr_line' id='line_1_16' title="bbox 466 1506 1461 1573; baseline -0.006 -15"><span class='ocrx_word' id='word_1_87' title='bbox 466 1510 593 1573; x_wconf 82' lang='lat' dir='ltr'>Deg.</span> <span class='ocrx_word' id='word_1_88' title='bbox 624 1506 810 1572; x_wconf 70' lang='lat' dir='ltr'>Degeer.</span> <span class='ocrx_word' id='word_1_89' title='bbox 1207 1506 1255 1554; x_wconf 87' lang='lat' dir='ltr'>P.</span> <span class='ocrx_word' id='word_1_90' title='bbox 1292 1509 1461 1553; x_wconf 75' lang='lat' dir='ltr'>Pallas.</span> 
     </span>
     <span class='ocr_line' id='line_1_17' title="bbox 461 1585 1681 1652; baseline -0.007 -11"><span class='ocrx_word' id='word_1_91' title='bbox 461 1590 518 1641; x_wconf 85' lang='lat' dir='ltr'>E.</span> <span class='ocrx_word' id='word_1_92' title='bbox 555 1591 709 1652; x_wconf 64' lang='lat' dir='ltr'>Esper.</span> <span class='ocrx_word' id='word_1_93' title='bbox 1207 1586 1251 1634; x_wconf 90' lang='lat' dir='ltr'>S.</span> <span class='ocrx_word' id='word_1_94' title='bbox 1286 1585 1346 1634; x_wconf 87' lang='lat' dir='ltr'>N.</span> <span class='ocrx_word' id='word_1_95' title='bbox 1375 1589 1537 1647; x_wconf 72' lang='lat' dir='ltr'>Species·</span> <span class='ocrx_word' id='word_1_96' title='bbox 1559 1603 1681 1633; x_wconf 78' lang='lat' dir='ltr'>nova.</span> 
     </span>
     <span class='ocr_line' id='line_1_18' title="bbox 459 1665 1742 1732; baseline -0.008 -11"><span class='ocrx_word' id='word_1_97' title='bbox 459 1671 530 1722; x_wconf 87' lang='lat' dir='ltr'>H.</span> <span class='ocrx_word' id='word_1_98' title='bbox 562 1669 728 1732; x_wconf 76' lang='lat' dir='ltr'><em>Herbst.</em></span> <span class='ocrx_word' id='word_1_99' title='bbox 1207 1665 1292 1714; x_wconf 89' lang='lat' dir='ltr'>W.</span> <span class='ocrx_word' id='word_1_100' title='bbox 1317 1668 1385 1714; x_wconf 88' lang='lat' dir='ltr'><em>W</em></span> <span class='ocrx_word' id='word_1_101' title='bbox 1382 1671 1493 1714; x_wconf 61' lang='grc' dir='ltr'>εἰπεῖν</span> <span class='ocrx_word' id='word_1_102' title='bbox 1517 1667 1742 1715; x_wconf 69' lang='lat' dir='ltr'>Verz&#39;eich.</span> 
     </span>
     <span class='ocr_line' id='line_1_19' title="bbox 462 1747 1400 1813; baseline -0.009 -14"><span class='ocrx_word' id='word_1_103' title='bbox 462 1752 534 1802; x_wconf 87' lang='grc' dir='ltr'>Μ,</span> <span class='ocrx_word' id='word_1_104' title='bbox 570 1747 776 1813; x_wconf 69' lang='lat' dir='ltr'>Mavztzffiz</span> <span class='ocrx_word' id='word_1_105' title='bbox 808 1747 997 1810; x_wconf 68' lang='lat' dir='ltr'>infitHor.</span> <span class='ocrx_word' id='word_1_106' title='bbox 1310 1747 1400 1808; x_wconf 75' lang='lat' dir='ltr'>mss.</span> 
     </span>
    </p>

    <p class='ocr_par' dir='ltr' id='par_1_4' title="bbox 566 1824 1482 1878">
     <span class='ocr_line' id='line_1_20' title="bbox 566 1824 1482 1878; baseline -0.003 0"><span class='ocrx_word' id='word_1_107' title='bbox 566 1834 698 1878; x_wconf 79' lang='lat' dir='ltr'><strong><em>Fabr.</em></strong></span> <span class='ocrx_word' id='word_1_108' title='bbox 1207 1824 1252 1873; x_wconf 92' lang='lat' dir='ltr'>P.</span> <span class='ocrx_word' id='word_1_109' title='bbox 1291 1829 1482 1875; x_wconf 68' lang='lat' dir='ltr'>pmzzer.</span> 
     </span>
    </p>
   </div>
   <div class='ocr_carea' id='block_1_4' title="bbox 325 1901 1425 1979">
    <p class='ocr_par' dir='ltr' id='par_1_5' title="bbox 325 1901 1425 1979">
     <span class='ocr_line' id='line_1_21' title="bbox 325 1901 1425 1979; baseline -0.01 -16"><span class='ocrx_word' id='word_1_110' title='bbox 325 1908 530 1979; x_wconf 80' lang='lat' dir='ltr'>Reliqua</span> <span class='ocrx_word' id='word_1_111' title='bbox 577 1910 957 1975; x_wconf 86' lang='lat' dir='ltr'>explicationem</span> <span class='ocrx_word' id='word_1_112' title='bbox 1000 1921 1105 1955; x_wconf 88' lang='lat' dir='ltr'>non</span> <span class='ocrx_word' id='word_1_113' title='bbox 1144 1901 1425 1977; x_wconf 73' lang='lat' dir='ltr'>desiderant.</span> 
     </span>
    </p>
   </div>
   <div class='ocr_carea' id='block_1_5' title="bbox 616 2051 1667 2108">
    <p class='ocr_par' dir='ltr' id='par_1_6' title="bbox 616 2051 1667 2108">
     <span class='ocr_line' id='line_1_22' title="bbox 616 2051 1667 2108; baseline -0.009 0"><span class='ocrx_word' id='word_1_114' title='bbox 616 2058 719 2108; x_wconf 88' lang='lat' dir='ltr'>Scr.</span> <span class='ocrx_word' id='word_1_115' title='bbox 750 2055 876 2107; x_wconf 78' lang='lat' dir='ltr'>XIV.</span> <span class='ocrx_word' id='word_1_116' title='bbox 907 2051 1105 2105; x_wconf 84' lang='lat' dir='ltr'>Calend.</span> <span class='ocrx_word' id='word_1_117' title='bbox 1139 2054 1266 2103; x_wconf 89' lang='lat' dir='ltr'>Iunii</span> <span class='ocrx_word' id='word_1_118' title='bbox 1297 2054 1667 2103; x_wconf 69' lang='lat' dir='ltr'>cloloccxcvn.</span> 
     </span>
    </p>
   </div>
   <div class='ocr_carea' id='block_1_6' title="bbox 690 2376 1373 2411">
    <p class='ocr_par' dir='ltr' id='par_1_7' title="bbox 690 2376 1373 2411">
     <span class='ocr_line' id='line_1_23' title="bbox 690 2376 1373 2411; baseline 0 860"><span class='ocrx_word' id='word_1_119' title='bbox 690 2376 1373 2411; x_wconf 95' lang='lat' dir='ltr'> </span> 
     </span>
    </p>
   </div>
   <div class='ocr_carea' id='block_1_7' title="bbox 1633 2847 1732 2900">
    <p class='ocr_par' dir='ltr' id='par_1_8' title="bbox 1633 2847 1732 2900">
     <span class='ocr_line' id='line_1_24' title="bbox 1633 2847 1732 2900; baseline 0.01 -1"><span class='ocrx_word' id='word_1_120' title='bbox 1633 2847 1732 2900; x_wconf 89' lang='lat'>10.</span> 
     </span>
    </p>
   </div>
  </div>
 </body>
</html>
